<record xmlns:xsi="http://www.w3.org/2001/XMLSchema-instance" xmlns="http://www.loc.gov/MARC21/slim" xsi:schemaLocation="http://www.loc.gov/MARC21/slim http://www.loc.gov/standards/marcxml/schema/MARC21slim.xsd">

  <leader>01058nam a2200253Ia 4500</leader>
  <datafield ind2=" " ind1=" " tag="999">
    <subfield code="c">757</subfield>
    <subfield code="d">757</subfield>
  </datafield>
  <controlfield tag="008">170622b2002    cr ||||| |||| 00| | spa d</controlfield>
  <datafield ind2=" " tag="020" ind1=" ">
    <subfield code="a">9968100250</subfield>
  </datafield>
  <datafield tag="090" ind1=" " ind2=" ">
    <subfield code="a">06.03.06 </subfield>
    <subfield code="b">423</subfield>
  </datafield>
  <datafield ind2=" " tag="100" ind1="1">
    <subfield code="a">Moreno, José Emilio</subfield>
    <subfield code="9">2619</subfield>
  </datafield>
  <datafield ind2="0" tag="245" ind1="1">
    <subfield code="a">Conceptos básicos para el aprendizaje de la ciencia a través de experiencias / </subfield>
    <subfield code="c">José Emilio Moreno, María Lourdes Lezcano, Carmen E. Zorita M., Marcela Crespo de Araúz, María Seneira Ledezma, Rossana Carreiro</subfield>
  </datafield>
  <datafield ind2=" " ind1=" " tag="260">
    <subfield code="a">San José, Costa Rica : </subfield>
    <subfield code="b">CECC, </subfield>
    <subfield code="c">2002</subfield>
  </datafield>
  <datafield ind2=" " ind1=" " tag="300">
    <subfield code="a">162 páginas</subfield>
  </datafield>
  <datafield ind1=" " tag="490" ind2=" ">
    <subfield code="a">Colección Pedagógica Formación Inicial de Docentes Centroamericanos de Educación Primaria o Básica,</subfield>
    <subfield code="v">30</subfield>
  </datafield>
  <datafield ind2="4" tag="650" ind1="1">
    <subfield code="a">EDUCACIÓN PRIMARIA</subfield>
    <subfield code="9">367</subfield>
  </datafield>
  <datafield ind1="1" tag="650" ind2="4">
    <subfield code="a">ENSEÑANZA DE LAS CIENCIAS </subfield>
    <subfield code="9">996</subfield>
  </datafield>
  <datafield ind2="4" tag="650" ind1="1">
    <subfield code="a">FORMACIÓN DE DOCENTES</subfield>
    <subfield code="9">9</subfield>
  </datafield>
  <datafield ind2="4" ind1=" " tag="651">
    <subfield code="a">AMÉRICA CENTRAL</subfield>
    <subfield code="9">457</subfield>
  </datafield>
  <datafield ind1="1" tag="700" ind2=" ">
    <subfield code="9">2620</subfield>
    <subfield code="a">Lezcano, María Lourdes</subfield>
  </datafield>
  <datafield tag="700" ind1="1" ind2=" ">
    <subfield code="9">2621</subfield>
    <subfield code="a">Zorita, Carmen E.</subfield>
  </datafield>
  <datafield ind2=" " ind1="1" tag="700">
    <subfield code="9">2622</subfield>
    <subfield code="a">Crespo de Araúz, Marcela</subfield>
  </datafield>
  <datafield ind1="1" tag="700" ind2=" ">
    <subfield code="9">2623</subfield>
    <subfield code="a">Ledezma, María Seneira</subfield>
  </datafield>
  <datafield ind2=" " ind1="1" tag="700">
    <subfield code="9">2624</subfield>
    <subfield code="a">Carreiro, Rossana</subfield>
  </datafield>
  <datafield ind1=" " tag="942" ind2=" ">
    <subfield code="2">z</subfield>
    <subfield code="c">01</subfield>
  </datafield>
</record>